@article{kang2010inference,
  title={Inference of beliefs on billion-scale graphs},
  author={Kang, U and Horng, Duen and others},
  year={2010},
  publisher={Citeseer}
}