@inproceedings{olston2008pig,
  title={Pig latin: a not-so-foreign language for data processing},
  author={Olston, Christopher and Reed, Benjamin and Srivastava, Utkarsh and Kumar, Ravi and Tomkins, Andrew},
  booktitle={Proceedings of the 2008 ACM SIGMOD international conference on Management of data},
  pages={1099--1110},
  year={2008},
  organization={ACM}
}

@inproceedings{pavlo2009comparison,
  title={A comparison of approaches to large-scale data analysis},
  author={Pavlo, Andrew and Paulson, Erik and Rasin, Alexander and Abadi, Daniel J and DeWitt, David J and Madden, Samuel and Stonebraker, Michael},
  booktitle={Proceedings of the 2009 ACM SIGMOD International Conference on Management of data},
  pages={165--178},
  year={2009},
  organization={ACM}
}