@article{kang2010inference,
  title={Inference of beliefs on billion-scale graphs},
  author={Kang, U and Horng, Duen and others},
  year={2010},
  publisher={Citeseer}
}

@MISC{konect:2013:dblp-cite,
    title = {DBLP network dataset -- {KONECT}},
    month = nov,
    year = {2013},
    url = {http://konect.uni-koblenz.de/networks/dblp-cite}
}

@inproceedings{konect:DBLP,
        title = {The {DBLP} Computer Science Bibliography: Evolution,
                  Research Issues, Perspectives}, 
        author = {Michael Ley},
        booktitle = {Proc. Int. Symposium on String Processing and
                  Information Retrieval}, 
        year = {2002},
        pages = {1--10},
}

@MISC{konect:2013:as20000102,
    title = {Route views network dataset -- {KONECT}},
    month = nov,
    year = {2013},
    url = {http://konect.uni-koblenz.de/networks/as20000102}
}

@article{konect:leskovec107,
        title = {Graph Evolution: Densification and Shrinking
                  Diameters},
        author = {Jure Leskovec and Jon Kleinberg and Christos
                  Faloutsos}, 
        journal = {ACM Trans. Knowledge Discovery from Data},   
        year = {2007},
        volume = {1},
        number = {1},
        pages = {1--40},
}
