@inproceedings{olston2008pig,
  title={Pig latin: a not-so-foreign language for data processing},
  author={Olston, Christopher and Reed, Benjamin and Srivastava, Utkarsh and Kumar, Ravi and Tomkins, Andrew},
  booktitle={Proceedings of the 2008 ACM SIGMOD international conference on Management of data},
  pages={1099--1110},
  year={2008},
  organization={ACM}
}

@inproceedings{pavlo2009comparison,
  title={A comparison of approaches to large-scale data analysis},
  author={Pavlo, Andrew and Paulson, Erik and Rasin, Alexander and Abadi, Daniel J and DeWitt, David J and Madden, Samuel and Stonebraker, Michael},
  booktitle={Proceedings of the 2009 ACM SIGMOD International Conference on Management of data},
  pages={165--178},
  year={2009},
  organization={ACM}
}

@article{mceliece1998turbo,
  title={Turbo decoding as an instance of Pearl's “belief propagation” algorithm},
  author={McEliece, Robert J. and MacKay, David J. C. and Cheng, Jung-Fu},
  journal={Selected Areas in Communications, IEEE Journal on},
  volume={16},
  number={2},
  pages={140--152},
  year={1998},
  publisher={IEEE}
}

%% This BibTeX bibliography file was created using BibDesk.
%% http://bibdesk.sourceforge.net/


%% Created for Wei Chen at 2013-11-06 01:42:05 -0500 


%% Saved with string encoding Unicode (UTF-8) 



@book{lanczos1950iteration,
  Author = {Lanczos, Cornelius},
  Date-Added = {2013-11-06 06:42:04 +0000},
  Date-Modified = {2013-11-06 06:42:04 +0000},
  Publisher = {United States Governm. Press Office},
  Title = {An iteration method for the solution of the eigenvalue problem of linear differential and integral operators},
  Year = {1950}}

@article{langville2004deeper,
  Author = {Langville, Amy N and Meyer, Carl D},
  Date-Added = {2013-11-06 06:32:55 +0000},
  Date-Modified = {2013-11-06 06:32:55 +0000},
  Journal = {Internet Mathematics},
  Number = {3},
  Pages = {335--380},
  Publisher = {Taylor \& Francis},
  Title = {Deeper inside pagerank},
  Volume = {1},
  Year = {2004}}

@incollection{kang2011spectral,
  Author = {Kang, U and Meeder, Brendan and Faloutsos, Christos},
  Booktitle = {Advances in Knowledge Discovery and Data Mining},
  Date-Added = {2013-11-06 06:30:36 +0000},
  Date-Modified = {2013-11-06 06:30:36 +0000},
  Pages = {13--25},
  Publisher = {Springer},
  Title = {Spectral analysis for billion-scale graphs: Discoveries and implementation},
  Year = {2011}}

@article{landauer1998introduction,
  Author = {Landauer, Thomas K and Foltz, Peter W and Laham, Darrell},
  Date-Added = {2013-11-05 14:37:33 +0000},
  Date-Modified = {2013-11-05 14:37:33 +0000},
  Journal = {Discourse processes},
  Number = {2-3},
  Pages = {259--284},
  Publisher = {Taylor \& Francis},
  Title = {An introduction to latent semantic analysis},
  Volume = {25},
  Year = {1998}}

@article{blei2012probabilistic,
  Author = {Blei, David M},
  Date-Added = {2013-11-05 05:41:07 +0000},
  Date-Modified = {2013-11-05 05:41:07 +0000},
  Journal = {Communications of the ACM},
  Number = {4},
  Pages = {77--84},
  Publisher = {ACM},
  Title = {Probabilistic topic models},
  Volume = {55},
  Year = {2012}}

@article{steyvers2007probabilistic,
  Author = {Steyvers, Mark and Griffiths, Tom},
  Date-Added = {2013-11-05 05:40:36 +0000},
  Date-Modified = {2013-11-05 05:40:36 +0000},
  Journal = {Handbook of latent semantic analysis},
  Number = {7},
  Pages = {424--440},
  Title = {Probabilistic topic models},
  Volume = {427},
  Year = {2007}}

@inproceedings{mccarthy1961basis,
  Author = {McCarthy, John},
  Booktitle = {Papers presented at the May 9-11, 1961, western joint IRE-AIEE-ACM computer conference},
  Date-Added = {2013-11-04 03:56:06 +0000},
  Date-Modified = {2013-11-04 03:56:06 +0000},
  Organization = {ACM},
  Pages = {225--238},
  Title = {A basis for a mathematical theory of computation, preliminary report},
  Year = {1961}}

@book{hoare1983hints,
  Author = {Hoare, Charles Antony Richard},
  Date-Added = {2013-11-03 22:19:34 +0000},
  Date-Modified = {2013-11-03 22:19:34 +0000},
  Publisher = {Springer},
  Title = {Hints on programming language design},
  Year = {1983}}

@article{blei2003latent,
  Author = {Blei, David M and Ng, Andrew Y and Jordan, Michael I},
  Date-Added = {2013-11-03 05:56:40 +0000},
  Date-Modified = {2013-11-03 05:56:40 +0000},
  Journal = {the Journal of machine Learning research},
  Pages = {993--1022},
  Publisher = {JMLR. org},
  Title = {Latent dirichlet allocation},
  Volume = {3},
  Year = {2003}}

@article{deerwester1990indexing,
  Author = {Deerwester, Scott C. and Dumais, Susan T and Landauer, Thomas K. and Furnas, George W. and Harshman, Richard A.},
  Date-Added = {2013-11-03 05:56:04 +0000},
  Date-Modified = {2013-11-03 05:56:04 +0000},
  Journal = {JASIS},
  Number = {6},
  Pages = {391--407},
  Title = {Indexing by latent semantic analysis},
  Volume = {41},
  Year = {1990}}

@inproceedings{dumais1995latent,
  Author = {Dumais, S and Furnas, G and Landauer, T and Deerwester, S and Deerwester, S and others},
  Booktitle = {Proceedings of the Text Retrieval Conference},
  Date-Added = {2013-11-03 05:54:50 +0000},
  Date-Modified = {2013-11-03 05:54:50 +0000},
  Title = {Latent semantic indexing},
  Year = {1995}}

@article{panju2011iterative,
  Author = {Panju, Maysum},
  Date-Added = {2013-11-01 19:47:18 +0000},
  Date-Modified = {2013-11-01 19:47:18 +0000},
  Journal = {arXiv preprint arXiv:1105.1185},
  Title = {Iterative Methods for Computing Eigenvalues and Eigenvectors},
  Year = {2011}}

@inproceedings{hofmann1999probabilistic,
  Author = {Hofmann, Thomas},
  Booktitle = {Proceedings of the 22nd annual international ACM SIGIR conference on Research and development in information retrieval},
  Date-Added = {2013-11-01 04:26:18 +0000},
  Date-Modified = {2013-11-01 04:26:18 +0000},
  Organization = {ACM},
  Pages = {50--57},
  Title = {Probabilistic latent semantic indexing},
  Year = {1999}}

@inproceedings{faloutsos1994beyond,
  Author = {Faloutsos, Christos and Kamel, Ibrahim},
  Booktitle = {Proceedings of the thirteenth ACM SIGACT-SIGMOD-SIGART symposium on Principles of database systems},
  Date-Added = {2013-10-22 14:38:42 +0000},
  Date-Modified = {2013-10-22 14:38:42 +0000},
  Organization = {ACM},
  Pages = {4--13},
  Title = {Beyond uniformity and independence: Analysis of R-trees using the concept of fractal dimension},
  Year = {1994}}

@article{comer1979ubiquitous,
  Author = {Comer, Douglas},
  Date-Added = {2013-10-22 00:19:56 +0000},
  Date-Modified = {2013-10-22 00:19:56 +0000},
  Journal = {ACM Computing Surveys (CSUR)},
  Number = {2},
  Pages = {121--137},
  Publisher = {ACM},
  Title = {Ubiquitous B-tree},
  Volume = {11},
  Year = {1979}}

@article{newman2005power,
  Author = {Newman, Mark EJ},
  Date-Added = {2013-10-20 02:07:59 +0000},
  Date-Modified = {2013-10-20 02:07:59 +0000},
  Journal = {Contemporary physics},
  Number = {5},
  Pages = {323--351},
  Publisher = {Taylor \& Francis},
  Title = {Power laws, Pareto distributions and Zipf's law},
  Volume = {46},
  Year = {2005}}

@inproceedings{joachims2002optimizing,
  Author = {Joachims, Thorsten},
  Booktitle = {Proceedings of the eighth ACM SIGKDD international conference on Knowledge discovery and data mining},
  Date-Added = {2013-10-15 00:15:14 +0000},
  Date-Modified = {2013-10-15 00:15:14 +0000},
  Organization = {ACM},
  Pages = {133--142},
  Title = {Optimizing search engines using clickthrough data},
  Year = {2002}}

@article{zobel2006inverted,
  Author = {Zobel, Justin and Moffat, Alistair},
  Date-Added = {2013-10-14 02:55:55 +0000},
  Date-Modified = {2013-10-14 02:55:55 +0000},
  Journal = {ACM Computing Surveys (CSUR)},
  Number = {2},
  Pages = {6},
  Publisher = {ACM},
  Title = {Inverted files for text search engines},
  Volume = {38},
  Year = {2006}}

@article{barroso2003web,
  Author = {Barroso, Luiz Andr{\'e} and Dean, Jeffrey and Holzle, Urs},
  Date-Added = {2013-10-14 02:55:39 +0000},
  Date-Modified = {2013-10-14 02:55:39 +0000},
  Journal = {Micro, Ieee},
  Number = {2},
  Pages = {22--28},
  Publisher = {IEEE},
  Title = {Web search for a planet: The Google cluster architecture},
  Volume = {23},
  Year = {2003}}

@phdthesis{agesen1996concrete,
  Author = {Agesen, Ole},
  School = {Citeseer},
  Title = {Concrete type inference: delivering object-oriented applications},
  Year = {1996}}

@inproceedings{broder2002taxonomy,
  Author = {Broder, Andrei},
  Booktitle = {ACM Sigir forum},
  Number = {2},
  Organization = {ACM},
  Pages = {3--10},
  Title = {A taxonomy of web search},
  Volume = {36},
  Year = {2002}}

@inproceedings{singhal1996pivoted,
  Author = {Singhal, Amit and Buckley, Chris and Mitra, Mandar},
  Booktitle = {Proceedings of the 19th annual international ACM SIGIR conference on Research and development in information retrieval},
  Organization = {ACM},
  Pages = {21--29},
  Title = {Pivoted document length normalization},
  Year = {1996}}

@inproceedings{tsourakakis2008fast,
  title={Fast counting of triangles in large real networks without counting: Algorithms and laws},
  author={Tsourakakis, Charalampos E},
  booktitle={Data Mining, 2008. ICDM'08. Eighth IEEE International Conference on},
  pages={608--617},
  year={2008},
  organization={IEEE}
}
